3758 5376
623 433 1283 612 PRAEFATIO.

901 816 1005 835 ’θ-

342 1109 521 1190 AEsonrm
543 1105 752 1212 tragoedias
765 1125 891 1214 qutun
915 1108 1034 1186 iatine
1059 1127 1251 1189 verterem
1271 1111 1311 1188 in
1332 1135 1445 1189 usum
1475 1140 1614 1194 eorum
1674 1155 1679 1164 ·

287 1241 436 1350 quibus
457 1240 575 1317 lectio
595 1239 740 1316 striiicit
763 1239 939 1316 cursoria
966 1255 1096 1346 neque
1117 1250 1273 1347 tempus
1301 1257 1359 1320 est
1387 1269 1518 1348 neque
1544 1272 1615 1325 vo-

289 1367 418 1452 iuntas
435 1353 654 1448 accuratius
671 1383 716 1447 ut
741 1369 945 1475 inquirant
963 1383 1136 1475 poetam,
1182 1387 1263 1450 nott
1300 1373 1404 1450 inter
1439 1370 1616 1456 minimas

287 1502 559 1596 difficultates,
585 1498 733 1605 quibus
758 1525 880 1604 opera
902 1527 988 1577 mea
1006 1499 1258 1580 obsideretur
1282 1503 1487 1608 plurimis,
1517 1507 1615 1584 refe-

288 1631 456 1711 rendum·
487 1631 648 1736 putavi,
680 1627 790 1736 quod
817 1609 1050 1737 verba‘ipsa
1084 1629 1234 1738 ubique
1262 1633 1313 1711 ita
1342 1635 1614 1714 constituenda

287 1779 400 1842 erant
424 1764 540 1840 etiam
566 1761 607 1836 in
630 1760 676 1838 iis
709 1759 828 1856 iocis,
856 1761 925 1868 qui
950 1772 1042 1840 sunt
1067 1763 1374 1868 corruptissimi,
1399 1771 1444 1842 ui
1461 1765 1612 1872 aliquid

285 1893 421 1972 saitem
457 1889 746 1994 significarent,
776 1887 888 1994 quod
927 1905 1058 1996 tteque
1100 1891 1334 1970 abhorreret
1365 1921 1385 1968 a
1422 1897 1612 1972 sententia

287 2022 518 2126 legibusque
547 2020 691 2123 linguat
713 2037 846 2123 graecae
866 2022 1095 2099 conveniret
1122 2041 1252 2128 neque
1282 2023 1489 2128 indignum
1517 2043 1614 2103 esset

286 2153 475 2258 gravitate
497 2150 715 2254 AEecityiett.
736 2139 876 2256 Neque
893 2169 955 2227 me
968 2151 1107 2229 i'efeiiit
1127 2155 1371 2258 provinciam
1396 2173 1419 2230 a
1439 2179 1500 2232 me
1525 2184 1608 2233 sus·

285 2302 438 2389 ceptam
476 2281 601 2363 muito
632 2271 833 2358 difficilius
857 2282 940 2386 geri
982 2301 1102 2389 quem
1133 2285 1162 2360 si
1200 2284 1427 2388 AEsciryium
1471 2277 1606 2364 denuo

285 2414 441 2492 ederem
466 2413 525 2490 vei
544 2413 834 2490 commentariis
850 2413 1082 2490 instruerem
1105 2415 1165 2490 vei
1191 2438 1236 2492 ex
1257 2408 1461 2493 codicibus
1481 2441 1611 2493 enten-

284 2545 431 2624 darem.
450 2545 549 2624 Nam
571 2545 600 2621 si
620 2543 703 2621 edis
721 2545 955 2650 scriptorem
982 2561 1175 2642 veterem,
1206 2543 1272 2622 nbi
1298 2547 1396 2624 nihil
1422 2548 1515 2626 novi
1543 2548 1611 2625 ha-

285 2676 376 2754 beas
398 2692 467 2754 aut
486 2693 622 2752 verum
649 2673 747 2780 quid
775 2675 824 2752 sit
843 2653 1040 2752 affirmare
1059 2695 1139 2752 non
1169 2675 1308 2780 possis,
1341 2693 1469 2754 tacere
1490 2677 1606 2770 lieet,

283 2797 358 2884 ¹aiia
390 2823 578 2912 corrupta
606 2804 734 2901 dicas,
766 2805 889 2883 muita
915 2805 1103 2903 obseura,
1137 2807 1330 2884 nonnuiia
1361 2804 1490 2884 etiam
1508 2808 1609 2912 ejus-

278 2937 416 3032 amodi,
444 2953 488 3013 ut
505 2937 588 3013 sine
612 2936 720 3014 nouis
745 2935 929 3014 subsidiis
947 2937 1135 3040 explicari
1160 2953 1370 3042 nequeunt.
1402 2937 1501 3033 Quae
1530 2965 1610 3015 non

284 3065 562 3145 eodemmodo
584 3067 699 3143 i'aciat
720 3067 937 3172 interpres,
972 3067 1035 3143 eui
1057 3065 1206 3170 ubique
1227 3066 1303 3142 hoc
1325 3085 1468 3144 munus
1484 3068 1610 3172 impo-

283 3199 397 3274 situm
423 3213 501 3292 est,
530 3213 574 3273 ut
592 3196 786 3301 exprimat
817 3195 953 3274 saitem
981 3195 1154 3301 aliquam
1182 3197 1412 3272 sententiam
1440 3195 1599 3302 adapta-

284 3329 366 3404 tam
393 3328 438 3404 iis
468 3349 558 3433 qua
586 3324 821 3404 antecedant
854 3343 892 3404 et
919 3341 1138 3432 sequantur
1163 3348 1293 3430 neque
1320 3324 1601 3403 abhorrentem

282 3457 333 3534 ab
358 3458 538 3537 instituto
564 3475 702 3564 poetae.
724 3457 815 3554 Qua
845 3457 886 3532 in
917 3485 959 3533 re
986 3473 1030 3534 ut
1059 3455 1319 3542 satisfacerem
1340 3479 1461 3561 quam
1483 3457 1607 3561 piuri-

284 3589 355 3666 mis
377 3587 498 3694 idque
521 3616 610 3666 cum
637 3588 801 3664 minimo
831 3615 919 3663 meo
952 3587 1129 3692 periculo
1162 3586 1329 3664 iacerem
1357 3601 1478 3691 atque
1509 3615 1608 3690 pau-

281 3719 467 3796 cissimas
487 3745 548 3794 nte
570 3718 655 3822 ipso
676 3715 971 3822 postularentur
997 3716 1195 3794 :artificio
1223 3739 1378 3810 usurus,
1408 3714 1605 3792 Dindoriii

281 3845 494 3924 editionem
511 3847 661 3954 ubique
674 3845 916 3953 sequendam
933 3847 1046 3924 initio
1065 3845 1314 3924 decreveram
1333 3871 1423 3952 quae
1450 3863 1489 3922 et
1508 3845 1612 3922 bene

281 3976 486 4055 emendata
508 3977 687 4082 piurimis
705 3976 800 4054 iocis
820 3975 1022 4054 videretur
1048 3993 1087 4054 et
1108 4005 1226 4083 quarn
1257 3978 1437 4082 proxime
1462 3974 1511 4052 ud
1537 4003 1607 4052 co-

281 4107 411 4185 dicum
452 4109 687 4214 scripturam
725 4107 928 4186 accederet
962 4125 1001 4186 et
1047 4137 1171 4214 pauca
1217 4108 1482 4212 reiinqueret‚
1516 4126 1610 4212 quse

281 4238 444 4340 intelligi
481 4263 561 4314 non
596 4255 763 4343 possent.
798 4239 949 4314 Verum
990 4265 1081 4314 mox
1118 4239 1289 4316 inteiiexi
1330 4263 1440 4342 spem
1480 4261 1609 4314 meam

279 4367 484 4474 deceptam
509 4396 600 4446 esse.
626 4368 766 4473 Neque
791 4367 895 4444 enim
919 4367 1062 4446 desunt
1090 4369 1131 4444 in
1151 4369 1216 4445 iiia
1238 4365 1413 4444 editione
1439 4365 1540 4462 ioci,
1564 4369 1603 4443 in

280 4499 428 4605 quibus
443 4500 655 4578 auotoritas
675 4495 856 4575 codicum
876 4497 981 4575 bona
1001 4480 1040 4576 et
1061 4498 1166 4574 baud
1185 4495 1472 4574 contemnenda
1496 4522 1603 4600 spre-

281 4626 600 4723 tasit,editione
626 4627 858 4732 Giasguensi
890 4629 1005 4705 nimis
1039 4627 1208 4705 fideliter
1239 4652 1441 4732 expressa3
1473 4653 1604 4732 neque
1672 4619 1676 4626 ’

279 4760 410 4836 omnia
434 4759 486 4835 ita
505 4759 703 4836 coiraerere
729 4757 896 4854 dixeris,
927 4776 970 4835 ut
989 4759 1190 4836 sententiae
1211 4757 1312 4836 bene
1338 4775 1601 4862 congruerent

279 4887 592 4994 copatiarentque
614 4916 721 4965 sensa
752 4901 886 4994 poetes.
918 4889 963 4964 iit
987 4888 1191 4994 quoinodo
1222 4887 1418 4966 deteriora
1444 4889 1601 4962 assistas
1630 4941 1631 4946 ,

373 5023 503 5067 Ettfltws.

1825 3367 1827 3410 i

1826 4449 1827 4478 t
