3758 5376
164 253 184 296 ι
835 221 1049 281 PllAEFATlO.

164 358 271 444 qqplote
290 359 333 418 ἐπὶ
359 363 473 436 βωμοῐςγ
489 355 552 412 rod.
572 353 695 430 Gttelplt.
712 351 827 431 εὔφημον
845 350 866 406 δ’
884 347 926 406 ἐπὶ
973 346 1023 416 ἄτη
1046 347 1125 404 ἐστίν.
1148 351 1254 402 Verum
1277 366 1398 422 sequens
1420 369 1428 401 t
1448 347 1544 404 nescio
1561 348 1631 422 quid
1650 350 1685 404 sit
1705 363 1731 404 et

165 451 270 529 βωμῶν.
292 447 405 520 Quibus
427 444 523 503 verbis
539 442 606 518 quid
628 443 727 513 lateat,
745 440 850 496 nescio.
869 439 927 513 Ego
972 433 1047 491 unde
1060 435 1178 490 venerit.
1194 433 1279 506 Quod
1289 454 1324 492 co
1335 435 1428 490 minus
1439 434 1732 513 sitiebaturexplicari

163 558 234 597 vero
242 537 342 614 scripsi
353 535 431 612 quod
442 533 589 593 sententiae
598 531 760 588 satisfacere
769 526 926 586 ridebatur.
973 541 1065 600 posse,
1077 541 1165 597 quum
1182 524 1256 599 ιἰοιγεῑ
1272 522 1352 578 lacile
1369 541 1423 598 pru
1441 521 1539 580 dativo
1552 523 1732 600 recognosci-

163 633 266 704 laquo
277 628 397 683 formam
408 625 529 684 ionicam
541 619 576 678 ab
587 619 723 696 AEscbylo
736 619 855 677 alienam
866 634 927 672 esse
945 641 946 644 ι
973 623 1029 682 tur,
1039 611 1090 687 'qui
1102 609 1313 666 substantivum
1323 611 1457 687 requirat.
1467 616 1567 687 ltaque
1580 611 1655 668 baud
1665 631 1733 668 cuu-

165 736 222 772 non
234 715 368 792 putarim.
972 709 1082 756 etanter
1094 696 1145 776 άτορ
1155 699 1276 774 praetuli.
1286 703 1425 756 Remanet
1437 697 1504 770 άλδ,
1514 719 1578 776 quae
1589 713 1631 756 est
1645 700 1734 754 foruna

204 804 259 878 697
272 802 339 859 libri
351 798 478 882 φυλάσσοι
489 799 510 855 τ’
522 796 626 874 ἀτιμίας
635 795 724 872 τιμάς,
735 815 793 871 quo
804 806 927 850 metrum
972 786 1063 858 nihili.
1077 793 1137 864 Ego
1150 809 1184 844 ex
1202 790 1227 846 Λ
1243 789 1295 846 leci
1311 795 1332 848 Α
1346 789 1505 864 scripsique
1519 787 1587 860 οἷαδ,
1606 794 1663 842 nou
1677 807 1735 862 quo

164 890 361 948 confunditur.
375 887 499 944 Vocibus
515 885 694 961 transpositis
710 881 788 960 τιμὰς
806 880 928 956 κάτιμὶας
974 896 1072 934 vcrutn
1086 898 1146 934 esse
1163 897 1322 946 censerem,
1347 876 1396 934 sed
1416 890 1447 934 ut
1466 877 1505 934 ita
1521 889 1614 934 tarnen
1628 875 1735 951 aliquid

164 978 301 1061 φυλάσσοι.
315 977 347 1036 ld
358 977 433 1035 enim
448 975 555 1033 civitati
574 972 647 1032 bene
659 973 824 1052 compositas
842 983 870 1027 et
882 971 927 1026 in·
972 978 1133 1042 appareret.
1152 965 1307 1041 Hesychius
1319 964 1512 1036 Ιιυλιειιίιιδεῐν,
1522 965 1598 1041 quod
1610 965 1735 1040 explicat.

164 1072 268 1127 stitutae
282 1067 432 1138 convenit,
449 1077 480 1121 ut
499 1064 623 1120 honores
639 1061 755 1139 plurimi
769 1059 928 1116 habeantur
972 1053 1069 1129 ὀχλεῖν,
1081 1054 1228 1124 λυπεῖσθαι,
1237 1054 1343 1112 ἀδικεῖν.
1360 1053 1736 1130 AcSclroliastaeexplicatio

164 1157 427 1232 diminutionesque
442 1152 543 1231 capitis
557 1163 634 1210 recte
647 1164 676 1207 et
693 1149 819 1226 legitime
830 1144 927 1204 obser·
972 1139 1055 1198 docet
1067 1142 1121 1198 tale
1138 1141 1208 1218 quid
1223 1142 1291 1198 olim
1304 1141 1360 1198 boc
1372 1161 1456 1198 versu
1472 1141 1576 1198 lectum
1592 1142 1686 1202 luisse.
1702 1139 1734 1197 ‘ll

164 1256 276 1301 ventur.

206 1333 263 1401 745
277 1331 378 1409 scripsi
391 1330 467 1388 πολεῖ
485 1349 520 1386 ert
534 1327 731 1386 emendatione
744 1323 860 1382 Stanleii
876 1341 928 1398 pro

164 1418 247 1478 πόλει.

207 1509 263 1582 750
276 1507 364 1585 vulgo
380 1504 538 1587 δολδφρονες.
551 1506 605 1563 Sed
617 1503 681 1562 cod.
695 1501 771 1560 Med.
785 1499 927 1578 δοολδφρο-

165 1619 214 1662 νες.
230 1594 343 1654 Deinde
353 1591 530 1668 δολιομήτιδες
548 1613 584 1650 ex
597 1589 761 1666 conjectura
774 1587 928 1646 Wellaueri

165 1684 273 1762 recepi.

206 1773 261 1843 763
283 1769 376 1850 κράτος
399 1771 482 1826 etiam
506 1771 591 1825 valdo
614 1768 769 1844 siguifient3
803 1763 880 1840 quod
907 1763 928 1819 si

165 1859 311 1936 praeieras,
320 1877 432 1916 versum
446 1859 485 1914 ita
496 1857 582 1914 latine
598 1855 770 1914 reddideris:

205 1963 245 2030 Ut
259 1971 310 2048 qtti
323 1971 447 2028 habeant
462 1969 621 2028 belluarum
638 1971 759 2028 allectus
775 1971 930 2026 veliemen-

166 2073 210 2116 ter
224 2059 343 2116 cavendi
355 2069 430 2115 sunt.

164 2165 285 2224 Codices
301 2185 372 2222 vero
386 2163 488 2242 ἔχοντες
504 2164 617 2224 liabent.

206 2257 261 2326 764
279 2253 342 2311 cod.
359 2255 558 2330 Μοδταχεῑαι.
578 2259 677 2330 ltaque
689 2254 809 2312 sortasse
827 2256 930 2312 rectius

164 2345 241 2421 legas
250 2365 256 2399 :

245 2455 315 2513 οὗτοι
328 2453 422 2534 ταχείορ
435 2457 557 2512 ναυτικοῦ
568 2457 679 2533 στρατοῦ
691 2456 770 2532 στολῇ

244 2543 298 2600 οὐδ’
309 2541 387 2621 ὅρμος
396 2539 454 2600 οὐδὲ
466 2564 492 2599 κ.
504 2565 528 2598 τ.
542 2544 566 2599 λ.

206 2648 263 2724 795
279 2647 345 2706 libri
362 2645 455 2728 ἐρεμδις
470 2667 524 2724 pro
537 2644 644 2726 κρεμάς.
689 2681 695 2694 ·

205 2740 260 2810 807
272 2737 338 2818 libri
350 2734 458 2816 λυτήρι’.

206 2826 263 2894 846
280 2823 393 2882 codices
413 2836 441 2880 et
458 2822 598 2880 editiones
614 2820 767 2902 γομφοδέτῳ
783 2845 811 2880 τε
828 2823 884 2902 δορὶ
898 2822 930 2880 δι’

163 2909 226 2970 ὅλου
237 2909 341 2990 αἵμονες
352 2913 387 2977 ὡς
397 2909 438 2969 ἐπ’
449 2909 532 2987 ἀμίδα
541 2908 685 2980 ἠσοδουπία
694 2909 801 2969 τᾶπιτα.
810 2913 928 2969 Correxi

165 3002 259 3058 locum
271 2999 431 3072 hocmodo,
446 3011 477 3056 ut
487 2997 702 3057 similitudinem
711 3000 928 3076 pronunciatio-

166 3091 210 3149 nis
224 3109 367 3167 sequerer.

205 3181 260 3246 854
278 3178 364 3255 vulgo
378 3177 458 3256 ἴδοιμ’
482 3183 527 3238 vel
540 3177 611 3236 εἴδοι.

972 1230 1024 1284 τῶν
1039 1228 1160 1307 βρετέων,
1173 1230 1277 1306 inquit,
1288 1229 1423 1308 ἐπικουρία
1440 1227 1549 1305 βλάπτει
1560 1251 1601 1304 με.

1013 1329 1071 1404 930
1090 1326 1177 1403 vulgo
1197 1319 1276 1403 εἰδῇς,
1294 1325 1373 1401 quod
1390 1345 1479 1402 quum
1497 1326 1526 1382 in
1539 1326 1618 1382 nullo
1639 1325 1736 1382 cadiae

974 1415 1153 1492 reperiatur,
1173 1415 1294 1470 alterum
1316 1410 1391 1478 εἰδώς
1411 1413 1587 1490 optimorum
1606 1413 1735 1469 codicum

974 1503 1145 1560 auctoritate
1162 1503 1364 1573 confirmetur,
1377 1521 1434 1558 nou
1451 1500 1580 1558 dubitavi
1597 1501 1737 1575 posterius

974 1591 1133 1648 admittere.

1014 1686 1198 1764 9398ct1tu2.
1212 1699 1241 1743 ct
1251 1686 1293 1743 cd.
1305 1687 1401 1762 Glasg.
1418 1708 1424 1742 :
1441 1685 1537 1743 ἴτωσαν
1548 1684 1632 1748 αὐτάς.
1646 1686 1738 1760 Vulgo

974 1771 1154 1850 ἴσδιγάὐτός.
1167 1773 1243 1830 Med.
1258 1773 1324 1832 clodi
1333 1773 1358 1851 γ’
1367 1772 1451 1838 αὐτός.
1463 1772 1587 1849 Guelplt.
1601 1785 1630 1828 et
1642 1792 1739 1847 margo

974 1861 1096 1919 Medicei
1117 1861 1178 1926 ἴσως
1194 1863 1219 1938 γ’
1233 1861 1318 1928 αὐτός.
1337 1859 1474 1927 didicere
1487 1862 1516 1918 οὐ
1536 1859 1619 1924 αὐτός.
1643 1865 1675 1918 lu
1696 1861 1739 1917 his

974 1969 1074 2007 verum
1085 1949 1155 2008 latet
1166 1949 1222 2029 εἴσῃ
1234 1951 1265 2008 σύ
1275 1951 1298 2007 τ’
1309 1949 1385 2015 αὐτὸς
1397 1951 1449 2028 χοί.

1015 2047 1072 2120 950
1091 2047 1190 2104 similis
1215 2047 1381 2123 corruptela
1405 2045 1505 2102 eodem
1527 2044 1613 2101 modo
1639 2063 1738 2102 emen*
1782 2095 1787 2100 .

974 2136 1068 2194 danda
1086 2147 1137 2194 est.
1156 2135 1248 2212 Vulgo
1264 2133 1317 2191 ictu
1335 2133 1391 2192 τάδ’
1408 2133 1468 2204 ἤδη.
1488 2133 1591 2190 Medic.
1608 2146 1637 2190 et
1651 2135 1741 2191 Guel-

975 2222 1078 2302 pherb.
1095 2221 1148 2279 ἴσθι
1168 2220 1215 2297 μὲν
1239 2220 1297 2280 τάδ’
1312 2221 1374 2292 ἤδη.
1395 2221 1469 2278 Ηίιιο
1486 2239 1556 2276 voce
1574 2217 1636 2276 τάδε
1651 2219 1740 2296 ejecta

975 2311 1088 2387 corrige
1104 2308 1161 2388 εἴσῃ
1177 2307 1209 2367 ob
1222 2307 1269 2384 pls
1289 2307 1331 2377 δή.
1354 2313 1425 2380 Quae
1445 2309 1468 2365 si
1487 2309 1581 2364 minus
1597 2308 1739 2383 placeant,

977 2419 1083 2476 repone
1096 2397 1153 2477 εἴσῃ
1165 2397 1222 2455 τάδ’
1230 2395 1290 2468 ἤδη.
1304 2403 1408 2456 Verum
1420 2395 1451 2454 σύ
1465 2397 1546 2452 seruile
1558 2397 1664 2453 excidit
1675 2413 1739 2473 post

976 2487 1047 2566 εἴσῃ,
1067 2487 1148 2564 cujus
1165 2487 1308 2563 posterior
1330 2484 1439 2560 syllaba
1461 2484 1562 2541 eodem
1583 2503 1655 2540 sono
1680 2488 1740 2542 oris

976 2574 1183 2652 proferebatur.
1206 2573 1318 2630 Deinde
1335 2570 1431 2650 αἱρήσῃ
1453 2572 1480 2628 iu
1499 2571 1672 2628 editionibus
1688 2587 1739 2628 est.

975 2662 1044 2719 Cod.
1058 2661 1133 2718 Med.
1144 2661 1258 2738 ἐρεῖσθε;
1271 2659 1405 2735 idemque
1420 2657 1650 2734 Guelpl1.ltabet.
1666 2660 1740 2730 lliuc

975 2751 1103 2828 αἱρεῖσθαι
1119 2746 1318 2819 Robortellus,
1339 2745 1417 2822 quod
1437 2745 1557 2802 sortasse
1571 2765 1671 2803 verum
1687 2759 1739 2804 est.

975 2841 1037 2914 Ego
1058 2835 1160 2893 admisi
1183 2833 1377 2911 conjecturam
1407 2833 1526 2890 Porsoui
1555 2833 1703 2910 probatam
1725 2857 1741 2891 a

975 2924 1127 3002 Burgessio
1145 2936 1173 2980 et
1185 2923 1330 2981 Elmsleio.

1015 3012 1072 3086 976
1086 3013 1138 3069 τῶν
1153 3009 1190 3066 ab
1201 3011 1329 3087 Hauptio
1344 3009 1417 3068 bene
1431 3010 1635 3086 interpositum
1651 3021 1702 3066 est.

1014 3100 1072 3176 989
1092 3097 1173 3156 codd.
1196 3097 1381 3176 τυγχάνοντας.
1404 3097 1548 3155 Stauleius
1572 3097 1733 3153 emendavit

1014 3207 1072 3263 999
1089 3187 1176 3262 vulgo
1191 3183 1279 3264 βροτοί
1301 3208 1327 3242 τι
1347 3209 1399 3258 μιν.
1418 3185 1487 3243 Cod.
1507 3184 1583 3242 Med.
1603 3181 1698 3260 τιμὴν,
1714 3184 1741 3240 iu

204 3267 260 3333 864
276 3265 344 3323 libri
362 3263 453 3344 βάτεαι
468 3267 549 3344 βαδμὶ
567 3262 618 3343 πρὸ
633 3269 800 3323 κακοπαθῶν.
816 3266 930 3336 Quibus
975 3293 1146 3352 quoverum
1159 3274 1333 3330 continetur.
1469 3335 1473 3346 ,

165 3339 953 3465 ἰιινυτλιίοιιοιοίοιγιιὶιλλιιιοοι.Εγγονοιογννίιτιιιιιιοιιβ
1017 3389 1090 3427 1002
1115 3369 1201 3444 vulgo
1230 3371 1351 3446 ippum,
1372 3367 1479 3446 κᾶγωρ,
1503 3366 1654 3426 mam„
1680 3367 1741 3423 sim.

164 3463 192 3498 Αἰ
206 3441 259 3500 secl
285 3461 350 3518 Μῐὶ
382 3442 484 3501 deinde
514 3465 569 3502 ΜΘ
585 3443 703 3515 ''eliflssls
726 3457 755 3502 ³²
780 3444 810 3501 5¹¹
826 3463 859 3498 ¹¹¹
884 3447 953 3530 1θή,
974 3477 1074 3526 seusu,
1093 3458 1122 3514 iu
1143 3477 1202 3532 quo
1224 3459 1308 3515 etiam
1334 3457 1404 3514 illud
1424 3458 1589 3534 ignoratur,
1611 3454 1680 3532 quid
1706 3457 1741 3510 sit

166 3543 225 3586 tere
244 3550 291 3586 ιιι
303 3531 411 3606 putavi.
424 3532 536 3588 Deinde
556 3529 607 3610 πρὸ
624 3551 659 3589 ex
674 3533 847 3610 compendio
859 3535 930 3592 scri-

165 3629 257 3692 pturae
274 3629 369 3673 ortum
389 3637 451 3675 esse
470 3618 593 3680 indicavi
610 3619 749 3695 priusque
761 3621 847 3678 fuisse
858 3621 927 3700 πρὶν.

145 3705 147 3713 ’
163 3703 284 3779 Reliqua
297 3715 441 3780 utcunque
455 3708 583 3776 correxi,
603 3705 672 3762 dum
694 3707 808 3764 meliora
826 3710 853 3765 iu
869 3730 929 3766 me-

164 3791 242 3848 dium
257 3791 448 3869 proferantur.

203 3881 260 3936 835
275 3885 368 3939 Locus
381 3903 437 3940 uon
452 3885 545 3941 minus
556 3896 719 3960 corruptus.
738 3885 816 3944 Libri
828 3911 834 3943 :
845 3888 928 3969 πάτερ

163 3967 397 4048 βροτιοδαροτάδαι
418 3969 572 4050 μαλδαάγει,
595 3971 760 4031 Eustathius
785 3994 811 4050 p.
845 3985 928 4048 ελον,

166 4075 199 4130 ι9
214 4057 328 4136 (Odyss.
337 4061 448 4146 p.63‚2
463 4081 485 4118 s.
499 4081 527 4138 p.
537 4061 628 4134 65,aa
639 4061 706 4120 edit.
716 4061 808 4139 Lips.)
818 4087 824 4120 :
836 4063 889 4122 ιἰτιὺ
901 4064 928 4122 δὲ

161 4149 207 4201 τοῦ
217 4147 273 4224 ιἰρῶ
284 4146 329 4205 καλ
341 4147 400 4228 tipo<
412 4148 442 4206 τὸ
453 4149 544 4230 ὄφελος
560 4149 622 4230 παρ’
633 4150 759 4232 Αἰσχύλῳ
769 4154 795 4208 ἐν
806 4151 927 4212 ‘laterior

164 4228 266 4311 βρότεος
276 4231 337 4315 άρος
348 4231 464 4306 άταῆτοι
475 4235 504 4295 τὸ
515 4227 544 4294 εδ
558 4241 608 4294 τῶν
620 4240 719 4319 βροτῶν
735 4237 779 4298 καλ
795 4239 825 4298 τδ
836 4223 928 4323 ὄφελος

974 3543 1081 3624 κάλωρα
1098 3546 1153 3610 rel,
1164 3545 1188 3602 si
1199 3545 1265 3602 licet
1278 3545 1306 3602 id
1317 3545 1420 3617 dicere,
1433 3544 1478 3602 κοιλ
1491 3544 1577 3624 ἕλωρα
1588 3544 1632 3600 rel
1645 3543 1740 3622 ἕλωρα.

973 3637 1038 3692 Non
1062 3631 1194 3690 dubitari
1217 3639 1286 3710 quiu
1311 3631 1416 3715 ιιάλωρα
1441 3633 1631 3710 compositum
1649 3631 1684 3687 sit
1705 3651 1740 3686 ex

973 3720 1053 3786 καλός
1063 3733 1092 3777 et
1103 3717 1169 3800 ὥρα.
1184 3726 1284 3798 ltaque
1297 3719 1425 3778 ιιωλύουσ’
1437 3719 1467 3776 ἄν
1483 3719 1665 3776 scribendum
1678 3719 1739 3776 luit.

974 3813 1026 3866 Est
1036 3819 1131 3866 autem
1146 3829 1201 3866 vox
1214 3808 1332 3888 κάλιορος
1345 3807 1475 3865 addenda
1493 3808 1600 3866 lexicis,

1017 3904 1088 3964 told
1119 3898 1204 3974 vulgo
1227 3896 1360 3978 φυγάδας,
1391 3898 1503 3954 codices
1520 3897 1640 3976 φυγάδες,
1663 3895 1741 3973 quod

974 4003 1067 4061 neque
1081 3987 1177 4043 versui
1196 4007 1288 4062 neque
1305 3987 1453 4042 sententiae
1463 3985 1608 4042 satisfacit.
1622 3985 1739 4043 Corrcui

973 4072 1063 4148 igitur
1074 4071 1244 4151 φυγάδεσσιν,
1256 4073 1334 4148 quod
1350 4073 1465 4149 utrique
1477 4073 1621 4129 convenit.

1012 4159 1121 4236 Scripsi
1145 4159 1272 4237 Coburgi
1299 4161 1327 4218 iu
1354 4162 1490 4232 Saxonia,
1520 4159 1565 4217 die
1597 4161 1654 4216 llll
1676 4161 1740 4215 Oct.

973 4250 1240 4306 Mucccxxxtx.

767 4480 1137 4513 ·-·-u000-——
