3758 5376
823 131 1037 190 ramrnTto.
1547 152 1585 193 ιιι

269 282 366 342 tatas
388 289 527 340 eorum
543 259 965 366 scripturas'viderem.
985 260 1123 365 ltaque
1140 286 1254 335 nemo
1277 259 1418 335 mirum
1435 277 1586 337 censeat

267 402 377 510 quod
413 401 534 480 multa
568 401 712 478 intacta
749 399 914 504 reliqui,
949 427 1036 506 quae
1069 383 1377 478 divinationibus
1409 399 1587 477 virorum

266 534 477 612 doctorum
499 549 675 610 correcta
692 549 827 609 essent.
847 531 940 608 Haec
958 530 1191 635 plerumque
1210 530 1324 608 nimis
1341 528 1464 608 dubia
1482 529 1589 610 vide-

269 665 426 741 bantur.
443 664 501 740 lta
517 660 628 768 quod
645 662 797 739 mireris
813 689 862 738 ne
876 661 1093 738 Hermanni
1114 659 1276 766 quidem
1292 677 1433 768 operta
1454 679 1589 768 opertu

268 796 403 888 ascivi,
429 795 522 899 quia
552 820 633 868 non
651 792 734 870 sine
759 791 937 896 periculo
956 789 997 868 id
1025 818 1086 867 me
1111 789 1511 869 facturumvidebam.
1531 793 1588 870 lta

269 927 516 1002 Hermannus
533 924 573 1000 in
595 923 719 1000 Persis
739 950 774 998 v.
798 949 919 1016 1000,

625 1088 742 1169 Ἔταφον
757 1087 866 1170 ἔταφον·
878 1091 925 1148 οὐκ
936 1087 1003 1170 ἀμφὶ
1016 1097 1122 1160 σκηναῖς

626 1194 835 1275 τροχηλάτοισιν,
846 1193 950 1254 ὄπισθεν
964 1193 1098 1271 ἑπόμενοι,
1225 1185 1227 1190 ’

269 1343 389 1419 latine
408 1341 525 1419 vertit
553 1369 561 1416 :
583 1340 725 1434 miror,
757 1340 880 1418 miror
890 1371 908 1434 ,·
936 1367 1014 1417 non
1028 1355 1121 1417 surtt
1136 1341 1243 1416 circa
1266 1340 1472 1417 tentorium
1484 1341 1592 1446 pou'e

266 1489 480 1578 sequentes.
498 1473 648 1550 Verum
668 1473 816 1550 Xerxes
833 1472 941 1549 solus
966 1470 1074 1550 adest
1097 1499 1228 1578 neque
1262 1473 1447 1550 convenit
1469 1473 1592 1551 clroro

269 1599 370 1680 illud
390 1601 538 1696 miror,
579 1601 711 1678 miror.

329 1732 375 1808 ln
411 1731 737 1836 interpretatione
769 1730 889 1814 latina
919 1728 959 1807 id
983 1731 1228 1836 potissimum
1256 1749 1407 1809 secutus
1433 1760 1519 1809 sum
1551 1749 1595 1812 ut

271 1861 445 1965 AEsclryli
468 1859 589 1938 verba
611 1859 837 1938 brevissime
860 1875 899 1936 et
918 1860 1202 1937 accuratissime
1222 1860 1342 1938 latine
1362 1859 1593 1955 redderem,

271 2009 428 2098 poetam
446 2007 552 2068 ratus
570 1990 752 2068 facillime
769 1989 962 2094 intelligi,
989 1991 1021 2067 si
1040 1988 1176 2067 eadem
1196 1991 1384 2067 orationis
1405 1990 1595 2069 brevitate

269 2123 408 2200 eadem
429 2149 537 2199 sensa
565 2121 841 2198 excitarentur.
867 2120 1008 2226 Neque
1029 2117 1172 2198 dubito
1200 2120 1299 2226 quin
1326 2116 1596 2225 AEsclryluseo

271 2255 410 2332 melius
435 2253 681 2358 exprimatur
705 2279 788 2356 quo
812 2251 933 2354 magis
960 2249 1091 2327 verbis
1121 2251 1214 2356 ipsis
1244 2252 1439 2329 institeris.
1465 2252 1522 2329 lta
1544 2252 1597 2328 fa·
1710 2239 1716 2260 ⁶

269 2385 414 2464 cillime
434 2384 513 2459 vim
538 2400 665 2488 poetae
692 2399 885 2459 assecutus
907 2382 959 2458 sis
982 2382 1268 2488 retinuerisque
1298 2381 1499 2460 brevitatis
1528 2382 1597 2460 de-

269 2545 340 2594 cus
363 2513 473 2623 quod
494 2543 582 2591 non
593 2515 697 2592 inter
717 2513 877 2590 minima
896 2512 1147 2591 referendum
1164 2513 1224 2590 sit.
1245 2513 1417 2591 Brevitas
1436 2513 1597 2621 quidem

269 2649 551 2726 obscuritatem
569 2653 671 2752 parit
701 2675 709 2722 :
738 2673 876 2722 verum
904 2643 1095 2741 diminui,
1124 2663 1168 2722 ut
1190 2663 1316 2750 puto,
1347 2645 1424 2724 hoc
1451 2647 1599 2724 incom-

271 2780 436 2858 modum
469 2777 611 2857 additis
642 2777 831 2856 brevibus
873 2779 1280 2882 interpretationibus.
1314 2777 1467 2856 Deinde
1503 2807 1598 2855 vero

270 2911 480 3015 AEschylus
510 2939 592 2988 non
621 2911 652 2987 is
675 2911 822 3018 estqui
850 2938 872 2986 a
903 2910 1152 2988 somnolento
1194 2928 1233 2988 et
1266 2912 1454 2988 oscitante
1477 2911 1597 2988 lecto-

272 3072 315 3119 re
332 3041 496 3144 intelligi
513 3042 643 3147 possit.
659 3041 794 3138 Quare
813 3042 882 3147 qui
896 3035 1002 3118 volet
1018 3067 1253 3144 cognoscere
1265 3039 1492 3144 AEsclrylum
1513 3069 1593 3118 non

270 3173 483 3250 deterritus
507 3171 706 3275 cogitandi
730 3171 867 3249 labore
896 3201 905 3248 ε
939 3175 974 3248 ei
1001 3172 1082 3248 haec
1105 3173 1380 3276 interpretatio
1407 3172 1497 3249 satis
1524 3173 1600 3249 erit

271 3303 394 3380 lircilis
421 3319 460 3380 et
483 3303 700 3407 perspicua.
724 3303 769 3378 ln
792 3302 952 3408 reliquis
980 3303 1069 3379 satis
1094 3301 1249 3378 habebo
1276 3303 1307 3378 si
1329 3329 1413 3378 mea
1436 3330 1599 3410 quoque

270 3461 396 3538 opera
419 3430 568 3538 aliquid
597 3461 645 3520 eo
670 3433 905 3510 contulerim
941 3450 985 3510 ut
1009 3434 1253 3540 frequentius
1280 3451 1397 3538 poeta
1427 3433 1598 3536 legatur,

270 3591 356 3670 quo
372 3561 642 3640 sublimiorem
669 3563 853 3669 lectuque
876 3562 1097 3668 digniorem
1134 3565 1344 3669 antiquitas
1382 3563 1503 3642 habet
1533 3593 1600 3642 ne-

273 3695 432 3770 minem.

327 3823 404 3902 Sed
422 3825 500 3929 jam
520 3854 673 3902 necesse
701 3843 756 3902 est
784 3825 831 3902 ad
860 3826 927 3902 illa
952 3825 1081 3903 redire
1101 3855 1189 3933 quac
1217 3828 1506 3924 antinnovavi‚
1533 3845 1600 3906 aut

272 3960 420 4032 intacta
453 3956 607 4061 reliqui.
635 3957 734 4054 Quae
767 3955 861 4032 dum
889 3986 1067 4062 expon0‚
1092 3987 1221 4035 nreum
1246 3987 1327 4036 non
1355 3987 1434 4036 esse
1461 3986 1599 4035 censeo

272 4105 317 4164 ut
332 4087 430 4163 alios
450 4084 693 4190 redarguam.
712 4087 811 4166 Satis
826 4087 984 4167 habebo
1001 4119 1075 4194 pro
1093 4091 1271 4167 instituto
1292 4116 1379 4165 meo
1399 4087 1600 4166 brevitatis

273 4219 342 4295 illa
362 4245 686 4295 conmrcmorassc
702 4237 740 4294 ct
763 4218 832 4295 ubi
847 4219 921 4296 fuit
940 4223 1198 4298 necessarium
1219 4218 1447 4297 del'eudissc.
